<?xml version="1.0" encoding="UTF-8"?><collection><record><leader>07979ntm a2200637 a 4500</leader><controlfield tag="001">006818233</controlfield><controlfield tag="003">MiAaHDL</controlfield><controlfield tag="005">20190719000000.0</controlfield><controlfield tag="006">m        d        </controlfield><controlfield tag="007">cr bn ---auaua</controlfield><controlfield tag="008">090612s1481    ir            00| ||per d</controlfield><datafield tag="035" ind1=" " ind2=" "><subfield code="a">(MiU)006818233</subfield></datafield><datafield tag="035" ind1=" " ind2=" "><subfield code="a">sdr-miu006818233</subfield></datafield><datafield tag="040" ind1=" " ind2=" "><subfield code="a">MiU</subfield><subfield code="c">MiU</subfield><subfield code="e">amremm</subfield></datafield><datafield tag="041" ind1="0" ind2=" "><subfield code="a">per</subfield></datafield><datafield tag="043" ind1=" " ind2=" "><subfield code="a">n-us-mi</subfield></datafield><datafield tag="100" ind1="1" ind2=" "><subfield code="6">880-01</subfield><subfield code="a">Qūshjī, ʻAlī ibn Muḥammad,</subfield><subfield code="d">-1474 or 1475.</subfield></datafield><datafield tag="245" ind1="1" ind2="0"><subfield code="6">880-03</subfield><subfield code="a">Sharḥ-i Zīj-i Ulugh Beg,</subfield><subfield code="f">[886, i.e. 1481].</subfield></datafield><datafield tag="246" ind1="3" ind2=" "><subfield code="a">Sharḥ al-Zīj al-jadīd</subfield></datafield><datafield tag="246" ind1="3" ind2=" "><subfield code="a">Şerh-i Zîc-i Uluğ Beg</subfield></datafield><datafield tag="246" ind1="3" ind2=" "><subfield code="i">Title from inscription on upper doublure:</subfield><subfield code="a">شرح زيج الغ بيك</subfield></datafield><datafield tag="260" ind1=" " ind2=" "><subfield code="a">[Tabrīz,</subfield><subfield code="c">1481].</subfield></datafield><datafield tag="300" ind1=" " ind2=" "><subfield code="a">271 leaves :</subfield><subfield code="b">paper ;</subfield><subfield code="c">180 x 135 (117 x 77 ; 123 x 61) mm.</subfield></datafield><datafield tag="500" ind1=" " ind2=" "><subfield code="a">Shelfmark: Ann Arbor, University of Michigan, Special Collections Library, Isl. Ms. 827</subfield></datafield><datafield tag="500" ind1=" " ind2=" "><subfield code="a">Origin: As appears in colophon on p.558, transcription of the bulk of the manuscript (from p.185 to close excluding replacement leaves) completed in Tabrīz, 1 Ṣafar 886 [ca. 1 April 1481]. Opening of the manuscript (through p.184) appears to have been copied separately, though likely around the same time (i.e. late 15th or early 16th century).</subfield></datafield><datafield tag="500" ind1=" " ind2=" "><subfield code="a">Accompanying materials: Several inserts carrying diagrams and glosses, also paginated (see pp.131-2, 209-10, 251-2, 253-4, 255-6, 263-4, 503-4, 505-6, 525-26).</subfield></datafield><datafield tag="500" ind1=" " ind2=" "><subfield code="a">Former shelfmark: "٤٢٧" from label on upper cover.</subfield></datafield><datafield tag="500" ind1=" " ind2=" "><subfield code="a">Binding: Pasteboards covered in brown leather ; Type II binding (with flap) ; doublures in brown leather ; upper and lower covers carry blind-tooled rule-border ; sewn in dark blue thread, two stations ; worked chevron endbands in dark blue and cream, quite good condition ; overall in somewhat poor condition with staining, lifting and losses of leather at flap, etc. ; repair to fore edge flap in floral-printed textile.</subfield></datafield><datafield tag="500" ind1=" " ind2=" "><subfield code="a">Support: non-European laid paper of at least three types ; opening through p.184 on type with 7-8 laid lines per cm. (horizontal, typically quite diffuse), chains lines only sporadically visible, well-sized and burnished to glossy ; bulk of manuscript in a similar type with 7 laid lines per cm. (again quite diffuse), chain lines visible as short lengths or occasional pairs (spaced 13 mm. apart, see p.220), darker in color, well-sized and burnished to glossy ; some replacements on still a different type (see bifolia carrying pp.283-70, 295-302, 343-48) ; other replacements, added leaves carrying table of contents at opening, and many inserts on European laid paper.</subfield></datafield><datafield tag="500" ind1=" " ind2=" "><subfield code="a">Decoration: Keywords, section headings and abbreviation symbols rubricated ; overlining in red ; numerous tables and line diagrams in red.</subfield></datafield><datafield tag="500" ind1=" " ind2=" "><subfield code="a">Script: Nastaʻlīq (talik) and naskh ; at least three elegant hands ; text of replacement leaves in naskh.</subfield></datafield><datafield tag="500" ind1=" " ind2=" "><subfield code="a">Layout: Written in 17, 16 and 23 lines per page ; frame-ruled (impression of ruling board evident).</subfield></datafield><datafield tag="500" ind1=" " ind2=" "><subfield code="a">Collation: I (2), IV+1 (11), 8 V(91), II (95), 4 IV(127), III (133), IV-4+4 (141), II (145), V (155), IV (163), III (169), 2 IV(185), III (191), 8 IV(255), IV+2 (265), III (271) ; main section mainly quaternions ; opening section chiefly quinions ; catchwords present ; foliation in black ink, Hindu-Arabic numerals ; pagination in pencil, Hindu-Arabic numerals, supplied during digitization (includes inserts and skips two pages between pp.345-6).</subfield></datafield><datafield tag="500" ind1=" " ind2=" "><subfield code="a">Colophon: "Scribal," triangular, reads "قد وقع الفراغ من تحرير هذه الرساله فى دار السلطنه تبريز فى غره صفر سنه ۸۸۶"</subfield></datafield><datafield tag="500" ind1=" " ind2=" "><subfield code="a">Explicit: "بل وحى و الهام و كيفيت وضع جداويل تر طاهر ست والله اعلم بحقايق الاشيار والحمد لوليه والشكر على نعمائه والصلوه والسلام على نبيه محمد واله وصحبه وعترته اجمعين"</subfield></datafield><datafield tag="500" ind1=" " ind2=" "><subfield code="a">Incipit: "متن مقالت اول در معرفت تواريخ وان مشتمل است بر مقدمه وهفت باب مقدمه در معرفت معنى تاريخ وسال وماه واجزاء آن جون از سمه اجرام سماوى ظاهر تر افتاب وماهست ..."</subfield></datafield><datafield tag="500" ind1=" " ind2=" "><subfield code="a">Title from inscription on 'title page' (p.5).</subfield></datafield><datafield tag="500" ind1=" " ind2=" "><subfield code="a">Ms. composite codex.</subfield></datafield><datafield tag="510" ind1="4" ind2=" "><subfield code="a">Adnan Adivar, A. "ʿAlīb. Muḥammad al-Ḳūshdjī, ʿAlāʾ al-Dīn." in EI2,</subfield><subfield code="c">vol. I, p. 393, col. 1</subfield></datafield><datafield tag="510" ind1="4" ind2=" "><subfield code="a">Dizer, Muammer. Ali Kuşçu. (Ankara, 1988),</subfield><subfield code="c">pp.62-63</subfield></datafield><datafield tag="510" ind1="4" ind2=" "><subfield code="a">Suter, H. Die Mathematiker und Astronomen der Araber und ihre Werke,</subfield><subfield code="c">no. 438</subfield></datafield><datafield tag="510" ind1="4" ind2=" "><subfield code="a">King, D. A Survey of the scientific manuscripts in the Egyptian National Library. (Winona Lake, 1986),</subfield><subfield code="c">no. G49 ; no. G51</subfield></datafield><datafield tag="510" ind1="4" ind2=" "><subfield code="a">Brockelmann, C. GAL,</subfield><subfield code="c">II 234 ; S II 329</subfield></datafield><datafield tag="520" ind1="8" ind2=" "><subfield code="a">Fine, early composite copy of the commentary by the astronomer and mathematician ʻAlāʼ al-Dīn ʻAlī al-Qushjī [Ali Kuşcu] (d.1474) on the Zīj-i Gurkānī, the astronomical handbook compiled at Samarqand under the amīr Ulugh Beg (d.1449), also its principal author. Ali Kuşcu himself took part in the compilation of the Zīj as director of the observatory. Table of contents at opening (pp.2-4).</subfield></datafield><datafield tag="538" ind1=" " ind2=" "><subfield code="a">Mode of access: Internet.</subfield></datafield><datafield tag="541" ind1=" " ind2=" "><subfield code="a">Purchased in Cairo, 1933/34.</subfield></datafield><datafield tag="546" ind1=" " ind2=" "><subfield code="a">Persian.</subfield></datafield><datafield tag="561" ind1=" " ind2=" "><subfield code="a">Inscription characterizing contents and book price from recto of opening leaf of table of contents (p.1) "Turkish Work. P.T. [?] 300" ; several former owners' marks on 'title page' (p.5) including effaced statement and oval seal impression in black ink, effaced statement in red ink, ownership statement in name of Mustafa Zeki el-İstanbulî ( مصطفى زكى الاستانبولى / Muṣṭafá Zakī al-Istānbūlī ), chief of the practioners of geometry and arithmetic ("رئيس اهل صناعة الهندسة والحساب"), statement accompanied by oval seal impression both in name of one Mehmet İsmetullah İbrahim bin Hasanullah Ahmet [?] ( محمد عصمت الله ابراهيم بن حسن الله احمد [؟]), and large seal impression with tuğra (ṭughrá), difficult to make out, accompanied by title, script and number of lines per page "شرح زيج الغ بيك بخط تعليق سطر ١٧" ; brief waqf statement "وقف" in outer corners of incipit and facing page (pp.6-7) ; audition / study notice at close on p.558 authorized by the aforementioned mathematician Mustafa Zeki, indicating that Mevlana Mustafa el-Belğradi ( مولانا مصطفى البلغرادى / Mawlānā Muṣṭafá al-Balghrādī ) had studied with him this text with the reading / recitation having concluded in the latter part of Jumādá I 1137 [February 1725], "قرأ على هذا الشرح مولانا مصطفى البلغرادى و اخذ منى ما فيه من اسرار [؟]... وقد تم قراءته فى اواخر جمادى الاولى فى سنه ۱۱۳۷ فى بلده قسطنطنيه ... وانا الفقير مصطفى زكى رئيس [؟] ... فى الدوله العليه العثمانيه ادامها الله تعالى" ; extensive glosses ; notabilia (sideheads, many rubricated) ; occasional corrections and collation marks (main section).</subfield></datafield><datafield tag="600" ind1="0" ind2="0"><subfield code="a">Ulugh Beg,</subfield><subfield code="d">1394-1449.</subfield><subfield code="t">Zīj-i jadīd-i Sultānī.</subfield></datafield><datafield tag="650" ind1=" " ind2="0"><subfield code="a">Manuscripts, Persian</subfield><subfield code="z">Michigan</subfield><subfield code="z">Ann Arbor.</subfield></datafield><datafield tag="650" ind1=" " ind2="0"><subfield code="a">Astronomy, Arab</subfield><subfield code="v">Tables.</subfield></datafield><datafield tag="700" ind1="0" ind2=" "><subfield code="6">880-07</subfield><subfield code="a">Mustafa Zeki el-İstanbulî,</subfield><subfield code="d">fl. 1725,</subfield><subfield code="e">former owner.</subfield></datafield><datafield tag="773" ind1="0" ind2=" "><subfield code="a">Tracy W. McGregor Collection of Arabic, Persian, and Turkish Mathematical and Astronomical Manuscripts.</subfield></datafield><datafield tag="880" ind1="0" ind2=" "><subfield code="6">700-07/</subfield><subfield code="a">مصطفى زكى الاستانبولى,</subfield><subfield code="e">مالك سابق.</subfield></datafield><datafield tag="880" ind1="1" ind2="0"><subfield code="6">245-03/</subfield><subfield code="a">شرح زيج الغ بيك,</subfield><subfield code="f">[886ه، 1481م].</subfield></datafield><datafield tag="880" ind1="1" ind2=" "><subfield code="6">100-01/</subfield><subfield code="a">قوشجى، على بن محمد.</subfield></datafield><datafield tag="CID" ind1=" " ind2=" "><subfield code="a">006818233</subfield></datafield><datafield tag="DAT" ind1="0" ind2=" "><subfield code="a">20190719102639.0</subfield><subfield code="b">20190719000000.0</subfield></datafield><datafield tag="DAT" ind1="1" ind2=" "><subfield code="a">20190719090653.0</subfield><subfield code="b">2019-07-19T16:10:27Z</subfield></datafield><datafield tag="DAT" ind1="2" ind2=" "><subfield code="a">2015-10-02T18:00:03Z</subfield></datafield><datafield tag="CAT" ind1=" " ind2=" "><subfield code="a">SDR-MIU</subfield><subfield code="d">EX LIBRIS - ALEPH</subfield><subfield code="l">prepare.pl-004-008</subfield></datafield><datafield tag="FMT" ind1=" " ind2=" "><subfield code="a">BK</subfield></datafield><datafield tag="HOL" ind1=" " ind2=" "><subfield code="0">sdr-miu006818233</subfield><subfield code="a">MiU</subfield><subfield code="b">SDR</subfield><subfield code="c">MIU</subfield><subfield code="p">mdp.39015079129832</subfield><subfield code="s">MIU</subfield><subfield code="1">006818233</subfield></datafield><datafield tag="974" ind1=" " ind2=" "><subfield code="b">MIU</subfield><subfield code="c">MIU</subfield><subfield code="d">20190719</subfield><subfield code="s">lit-dlps-dc</subfield><subfield code="u">mdp.39015079129832</subfield><subfield code="y">1481</subfield><subfield code="r">pd</subfield><subfield code="q">bib</subfield><subfield code="t">non-US bib date1 &lt; 1879</subfield></datafield></record></collection>